@misc{fBM,
	author = "{Wikipedia contributors}",
	title = "{fractional Brownian Motion}",
	year = "2019",
	url = "https://en.wikipedia.org/w/index.php?title=Fractional_Brownian_motion&oldid=895902440",
	note = "[Online; accessed 22-June-2019]"
}


@article{scikit-learn,
 title={Scikit-learn: Machine Learning in {P}ython},
 author={Pedregosa, F. and Varoquaux, G. and Gramfort, A. and Michel, V.
         and Thirion, B. and Grisel, O. and Blondel, M. and Prettenhofer, P.
         and Weiss, R. and Dubourg, V. and Vanderplas, J. and Passos, A. and
         Cournapeau, D. and Brucher, M. and Perrot, M. and Duchesnay, E.},
 journal={Journal of Machine Learning Research},
 volume={12},
 pages={2825--2830},
 year={2011}
}

@inproceedings{xgboost,
 author = {Chen, Tianqi and Guestrin, Carlos},
 title = {XGBoost: A Scalable Tree Boosting System},
 booktitle = {Proceedings of the 22Nd ACM SIGKDD International Conference on Knowledge Discovery and Data Mining},
 series = {KDD '16},
 year = {2016},
 isbn = {978-1-4503-4232-2},
 location = {San Francisco, California, USA},
 pages = {785--794},
 numpages = {10},
 url = {http://doi.acm.org/10.1145/2939672.2939785},
 doi = {10.1145/2939672.2939785},
 acmid = {2939785},
 publisher = {ACM},
 address = {New York, NY, USA},
 keywords = {large-scale machine learning},
} 

@inproceedings{lightgbm,
 author = {Ke, Guolin and Meng, Qi and Finley, Thomas and Wang, Taifeng and Chen, Wei and Ma, Weidong and Ye, Qiwei and Liu, Tie-Yan},
 title = {LightGBM: A Highly Efficient Gradient Boosting Decision Tree},
 booktitle = {Proceedings of the 31st International Conference on Neural Information Processing Systems},
 series = {NIPS'17},
 year = {2017},
 isbn = {978-1-5108-6096-4},
 location = {Long Beach, California, USA},
 pages = {3149--3157},
 numpages = {9},
 url = {http://dl.acm.org/citation.cfm?id=3294996.3295074},
 acmid = {3295074},
 publisher = {Curran Associates Inc.},
 address = {USA},
} 

